<?xml version="1.0" encoding="UTF-8"?><collection xmlns="http://www.loc.gov/MARC21/slim"><record><leader>00394nam--2200133-i-4500</leader><controlfield tag="001">000035982</controlfield><controlfield tag="002">20161230</controlfield><controlfield tag="005">20161230201040</controlfield><controlfield tag="008">060222s1000------------r-----000-0-eng-d</controlfield><datafield ind1=" " ind2=" " tag="080"><subfield code="a">681.31</subfield></datafield><datafield ind1=" " ind2=" " tag="100"><subfield code="a">Nishino, Hiroshi Herbert</subfield></datafield><datafield ind1=" " ind2=" " tag="245"><subfield code="a">A theory for the system design of multiprocessor computers.thesis</subfield></datafield><datafield ind1=" " ind2=" " tag="260"><subfield code="a">Ann Arbor, Michigan, University Microfilms, 1969. Xxiii+169p</subfield></datafield><datafield ind1=" " ind2=" " tag="852"><subfield code="a">36085</subfield></datafield></record></collection>